@book{appliedMulti,
Author = {Johnson, Richard A. Wichern, Dean W.},
ISBN = {9781292037578},
Publisher = {Pearson},
Title = {Applied Multivariate Statistical Analysis.},
URL = {http://0-search.ebscohost.com.biblioteca-ils.tec.mx/login.aspx?direct=true&db=cat03431a&AN=bdis.b1913723&lang=es&site=eds-live&scope=site},
Year = {2016}
}

 @misc{NL, title={¿Qué se produce desde Nuevo León?}, url={https://www.somosindustria.com/articulo/que-se-produce-desde-nuevo-leon/}, journal={Somos Industria}, author={Lara, Ivonne}, year={2018}, month={Sep}} 
 }
 
 @article{semarnat,
Abstract = {MÉXICO.- Ante la problemática de contaminación en Nuevo León, el Senador panista Víctor Fuentes solicitó a la Semarnat información sobre sus causas y agentes contaminantes, y pidió la intervención federal para implementar acciones urgentes. En un escrito dirigido a Josefa González Blanco, titular de la Secretaría de Medio Ambiente y Recursos Naturales, Fuentes pidió una evaluación de la problemática en la entidad, así como de las acciones implementadas y las medidas por aplicar... },
Author = {Ayala,Verónica},
Journal = {El Norte (Monterrey, Nuevo León, Mexico)},
Keywords = {Nuevo León, el Senador panista Víctor Fuentes},
Pages = {3},
Title = {Exige ante contaminación intervención de Semarnat.},
URL = {http://0-search.ebscohost.com.biblioteca-ils.tec.mx/login.aspx?direct=true&db=edsnbk&AN=171520AC582DB668&lang=es&site=eds-live&scope=site},
Year = {2019},
}

@article{efectosSalud,
Abstract = {Air pollution is one of the most significant environmental problems regarding public health in Colombia. Therefore, the objective of this study was to analyze the relationship between air quality and the incidence of respiratory diseases in the municipality of Cucuta. Through the application of a quantitative and descriptive methodology with a correlational approach, a Citizen Perception Survey was designed. Besides, the concentrations of particulate matter (PM10) in areas from El Salado and Atalaya were analyzed, along with the analysis of the burden of disease according to the records provided by (IMSALUD) and (IDS). The results show a dependent association between the study variables. Additionally, it shows a significant trend for acute Rhinopharyngitis in vulnerable patients (children and older adults) and an unfavorable air quality status of the evaluated months (May-July/2018). (English) [ABSTRACT FROM AUTHOR]},
Author = {Becerra, Dorance and Ramírez, Luisa F. and Niño, María V. and Oviedo, Carlos H. and Plaza, Luis F.},
ISSN = {01233033},
Journal = {Ingeniería y Competitividad},
Keywords = {Air quality, Disease incidence, Respiratory diseases, Particulate matter, Air pollution, Older patients, Cities & towns, San José (Costa Rica), Colombia, Acute rhinopharyngitis, Morbidity, Particulate matter (PM10), Relationship, Calidad del aire, Material particulado (PM10), Morbilidad, Relación, Rinofaringitis aguda},
Number = {2},
Pages = {1 - 13},
Title = {Relationship between Air Quality and the Incidence of Respiratory Diseases in the municipality of San José de Cúcuta, Norte de Santander.},
Volume = {23},
URL = {http://0-search.ebscohost.com.biblioteca-ils.tec.mx/login.aspx?direct=true&db=fua&AN=151656542&lang=es&site=eds-live&scope=site},
Year = {2021},
}



@article{climateChange,
author={{Research Starters}},
Journal = {Climate Change: Research Starters Topics},
Title = {Climate Change: Research Starters Topics.},
URL = {http://0-search.ebscohost.com.biblioteca-ils.tec.mx/login.aspx?direct=true&db=ers&AN=99436628&lang=es&site=eds-live&scope=site},
Year = {2021},
}

 @misc{dataméxico, title={San Nicolás de los Garza: ECONOMÍA, Empleo, Equidad, calidad de VIDA, educación, salud y Seguridad pública},
 Year={2020},
 url={https://datamexico.org/es/profile/geo/san-nicolas-de-los-garza#economia}, journal={Data México}, author={DataMéxico}} 
 
  @misc{minitab_n.d., title={Medidas de distancia para Conglomerados De variables}, url={https://support.minitab.com/es-mx/minitab/18/help-and-how-to/modeling-statistics/multivariate/how-to/cluster-variables/methods-and-formulas/distance-measures/}, journal={Minitab}, author={Minitab}, year={N.D}} 